%
% BibTex Database
% ===========================================================================
% This is part of the document "Project documentation template".
% Authors: brd3
%

@booklet{heizung:berechnung,
    author = {kaminofen-shop.de},
    title = {Wärmebedarfsberechnung},
    year = {2016},
    url = {https://www.kaminofen-shop.de/heizleistung-berechnen.htm},
}

@booklet{heizung:nennwarmeleistung,
    author = {meineheizung.de},
    title = {Nennwärmeleistung},
    year = {2016},
    url = {http://www.meineheizung.de/lexikon/nennwaermeleistung},
}

@booklet{bafu:strommix,
    author = {Philippe Stolz, Rolf Frischknecht},
    title = {Umweltbilanz Strommix Schweiz 2011},
    year = {2015},
}

@booklet{heizung:heizung,
    author = {Rolf Gloor ,energie.ch},
    title = "Heizung",
    url = {http://www.energie.ch/heizung},
    year = {2013},
}

@booklet{heizung:co2vergleich,
  author = {co2-emissionen-vergleichen.de},
  title = {Heizungsvergleich: CO2-Emissionen der Gasheizung, Wärmepumpe, Ölheizung},
  year = {2010},
  url = {http://www.co2-emissionen-vergleichen.de/Heizungsvergleich/CO2-Vergleich-Heizung.html},
}


























